@article{cmajMentalHealth,
  author  = {Canadian},
  title   = {Smartphones, social media use and youth mental health},
  journal = {Canadian Medical Association Journal},
  volume  = {192},
  number  = {6},
  pages   = {E136--41},
  year    = {2020},
  doi     = {https://www.cmaj.ca/content/cmaj/192/6/E136.full.pdf}
}

@article{bucciol2010willpower,
  title     = {Willpower in children and adults: a survey of results and economic implications},
  author    = {Bucciol, Alessandro and Houser, Daniel and Piovesan, Marco},
  journal   = {International Review of Economics},
  volume    = {57},
  number    = {3},
  pages     = {259--267},
  year      = {2010},
  publisher = {Springer}
}

@article{montag2019addictive,
  title     = {Addictive features of social media/messenger platforms and freemium games against the background of psychological and economic theories},
  author    = {Montag, Christian and Lachmann, Bernd and Herrlich, Marc and Zweig, Katharina},
  journal   = {International journal of environmental research and public health},
  volume    = {16},
  number    = {14},
  pages     = {2612},
  year      = {2019},
  publisher = {Multidisciplinary Digital Publishing Institute}
}

@article{sagePaper2020,
  author  = {L. Wiederkehr, K. Bruzda, J. Pitt and T. Dannhauser},
  title   = {Attention Enhancing Technology: A New Dimension in the Design of Effective Wellbeing Apps},
  journal = {},
  volume  = {192},
  number  = {6},
  pages   = {E136--41},
  year    = {2020},
  doi     = {https://www.cmaj.ca/content/cmaj/192/6/E136.full.pdf}
}

@article{neyman2017survey,
  title  = {A survey of addictive software design},
  author = {Neyman, Chauncey J},
  year   = {2017}
}

@misc{googleEngagementWP,
  author = {Google},
  title  = {White Paper: Tapping into Mobile App Engagement},
  url    = {https://services.google.com/fh/files/misc/google-best-practices-whitepaper-mobile-app-engagement.pdf}
}

@misc{pwctop100,
  author = {PwC},
  title  = {Global top 100 companies by market capitalization},
  url    = {https://www.pwc.com/gx/en/audit-services/publications/assets/global-top-100-companies-june-2020-update.pdf}
}

@misc{twtrTranscript,
  author = {The Motley Fool},
  title  = {Twitter Inc (TWTR) Q3 2020 Earnings Call Transcript},
  url    = {https://www.fool.com/earnings/call-transcripts/2020/10/30/twitter-inc-twtr-q3-2020-earnings-call-transcript/}
}

@misc{twtrLoss,
  author = {CNBC},
  title  = {Twitter shares sink amid slowing user growth and ad uncertainty},
  url    = {https://www.cnbc.com/2020/10/29/twitter-twtr-q3-2020-earnings.html}
}

@article{rajmohan2007limbic,
  title     = {The limbic system},
  author    = {Rajmohan, V and Mohandas, E},
  journal   = {Indian journal of psychiatry},
  volume    = {49},
  number    = {2},
  pages     = {132},
  year      = {2007},
  publisher = {Wolters Kluwer--Medknow Publications}
}

@article{heatherton2011cognitive,
  title     = {Cognitive neuroscience of self-regulation failure},
  author    = {Heatherton, Todd F and Wagner, Dylan D},
  journal   = {Trends in cognitive sciences},
  volume    = {15},
  number    = {3},
  pages     = {132--139},
  year      = {2011},
  publisher = {Elsevier}
}

@article{baumeister1996self,
  title     = {Self-regulation failure: An overview},
  author    = {Baumeister, Roy F and Heatherton, Todd F},
  journal   = {Psychological inquiry},
  volume    = {7},
  number    = {1},
  pages     = {1--15},
  year      = {1996},
  publisher = {Taylor \& Francis}
}

@article{jansen1998learning,
  title     = {A learning model of binge eating: cue reactivity and cue exposure},
  author    = {Jansen, Anita},
  journal   = {Behaviour research and therapy},
  volume    = {36},
  number    = {3},
  pages     = {257--272},
  year      = {1998},
  publisher = {Elsevier}
}

@article{herman1975restrained,
  title     = {Restrained and unrestrained eating.},
  author    = {Herman, C Peter and Mack, Deborah},
  journal   = {Journal of personality},
  year      = {1975},
  publisher = {Blackwell Publishing}
}

@article{stacy2010implicit,
  title     = {Implicit cognition and addiction: a tool for explaining paradoxical behavior},
  author    = {Stacy, Alan W and Wiers, Reinout W},
  journal   = {Annual review of clinical psychology},
  volume    = {6},
  pages     = {551--575},
  year      = {2010},
  publisher = {Annual reviews}
}
